[gd_scene load_steps=10 format=2]

[ext_resource path="res://minigames/lockpick/Lockpick.gd" type="Script" id=1]
[ext_resource path="res://minigames/lockpick/gfx/Dietrich.png" type="Texture" id=2]
[ext_resource path="res://minigames/lockpick/bolt.tscn" type="PackedScene" id=3]
[ext_resource path="res://minigames/lockpick/gfx/Background.png" type="Texture" id=4]
[ext_resource path="res://minigames/lockpick/gfx/SpringKasten.png" type="Texture" id=5]
[ext_resource path="res://minigames/lockpick/gfx/DoorHoldBackerHoldBacker.png" type="Texture" id=6]
[ext_resource path="res://minigames/lockpick/gfx/Cog.png" type="Texture" id=7]
[ext_resource path="res://minigames/lockpick/gfx/DoorHoldBacker.png" type="Texture" id=9]

[sub_resource type="RectangleShape2D" id=1]
extents = Vector2( 31.7455, 32.2598 )

[node name="Lockpicking" type="Node2D"]
script = ExtResource( 1 )
minigame_name = "lockpick"
timer_duration = 7
intro_duration = 0

[node name="Background" type="Sprite" parent="."]
texture = ExtResource( 4 )
centered = false
__meta__ = {
"_edit_lock_": true
}

[node name="DoorHoldBacker" type="Sprite" parent="."]
texture = ExtResource( 9 )
centered = false

[node name="boltContainer" type="Node2D" parent="."]

[node name="bolt" parent="boltContainer" instance=ExtResource( 3 )]
position = Vector2( 320.286, 128.74 )

[node name="player" type="Node2D" parent="."]
position = Vector2( 269.236, 366.868 )

[node name="Area2D" type="Area2D" parent="player"]
__meta__ = {
"_edit_lock_": true
}

[node name="CollisionShape2D" type="CollisionShape2D" parent="player/Area2D"]
shape = SubResource( 1 )
__meta__ = {
"_edit_lock_": true
}

[node name="Dietrich" type="Sprite" parent="player"]
position = Vector2( -422.671, 23.7328 )
texture = ExtResource( 2 )

[node name="Cog" type="Sprite" parent="."]
position = Vector2( 356.884, 594.479 )
texture = ExtResource( 7 )

[node name="Cog2" type="Sprite" parent="."]
position = Vector2( 829.39, 595.587 )
texture = ExtResource( 7 )

[node name="DoorHoldBackerHoldBacker2" type="Sprite" parent="."]
texture = ExtResource( 6 )
centered = false

[node name="SpringKasten" type="Sprite" parent="."]
texture = ExtResource( 5 )
centered = false

[node name="Tween" type="Tween" parent="."]
