[gd_scene load_steps=8 format=2]

[ext_resource path="res://minigames/example/Example.gd" type="Script" id=1]
[ext_resource path="res://fonts/menu_font.tres" type="DynamicFont" id=2]
[ext_resource path="res://icon.png" type="Texture" id=3]
[ext_resource path="res://minigames/example/player.gd" type="Script" id=4]
[ext_resource path="res://minigames/example/obstacle.gd" type="Script" id=5]

[sub_resource type="RectangleShape2D" id=1]
extents = Vector2( 31.1213, 30.5274 )

[sub_resource type="RectangleShape2D" id=2]
extents = Vector2( 32.3927, 32.7189 )

[node name="Example" type="Node2D"]
script = ExtResource( 1 )
minigame_name = "jumper"
timer_duration = 7
timeout_win = true

[node name="InstructionLabel" type="Label" parent="."]
margin_left = 87.2671
margin_top = 117.414
margin_right = 1158.27
margin_bottom = 168.414
size_flags_horizontal = 3
size_flags_vertical = 3
custom_fonts/font = ExtResource( 2 )
text = "Jump over the things!!!"

[node name="GameScene" type="Node2D" parent="."]

[node name="player" type="Sprite" parent="GameScene"]
position = Vector2( 621.312, 387.697 )
texture = ExtResource( 3 )
script = ExtResource( 4 )

[node name="Area2D" type="Area2D" parent="GameScene/player"]

[node name="CollisionShape2D" type="CollisionShape2D" parent="GameScene/player/Area2D"]
shape = SubResource( 1 )

[node name="obstacle" type="Sprite" parent="GameScene"]
modulate = Color( 1, 0, 0, 1 )
position = Vector2( 1196.35, 392.702 )
scale = Vector2( 1, 0.479372 )
texture = ExtResource( 3 )
script = ExtResource( 5 )
rootOfThisExampleMinigame = NodePath("../..")

[node name="Area2D" type="Area2D" parent="GameScene/obstacle"]

[node name="CollisionShape2D" type="CollisionShape2D" parent="GameScene/obstacle/Area2D"]
shape = SubResource( 2 )

[connection signal="player_dead" from="GameScene/player" to="." method="_on_player_player_dead"]
[connection signal="area_entered" from="GameScene/player/Area2D" to="GameScene/player" method="_on_Area2D_area_entered"]
